<record><leader>00000cas a2200000 a 4500</leader><controlfield tag="001">20079543</controlfield><controlfield tag="007">hd afu---bucu</controlfield><controlfield tag="008">890727d17641774ctuwr nea     0   a0eng c</controlfield><datafield ind1=" " ind2=" " tag="010"><subfield code="a">  2004252399</subfield></datafield><datafield ind1=" " ind2=" " tag="040"><subfield code="a">VA@</subfield><subfield code="b">eng</subfield><subfield code="c">VA@</subfield><subfield code="d">OCL</subfield><subfield code="d">IAL</subfield><subfield code="d">OCL</subfield><subfield code="d">WAU</subfield><subfield code="d">BOS</subfield><subfield code="d">OCLCQ</subfield><subfield code="d">OCLCF</subfield><subfield code="d">OCLCO</subfield></datafield><datafield ind1="1" ind2=" " tag="029"><subfield code="a">AU@</subfield><subfield code="b">000025489565</subfield></datafield><datafield ind1=" " ind2=" " tag="042"><subfield code="a">pcc</subfield></datafield><datafield ind1=" " ind2=" " tag="043"><subfield code="a">n-us-ct</subfield></datafield><datafield ind1="1" ind2="4" tag="050"><subfield code="a">AN20.C6</subfield><subfield code="b">C63</subfield></datafield><datafield ind1="0" ind2=" " tag="130"><subfield code="a">Connecticut courant (Hartford, Conn. : 1764)</subfield></datafield><datafield ind1="1" ind2="4" tag="245"><subfield code="a">The Connecticut courant</subfield><subfield code="h">[microform].</subfield></datafield><datafield ind1="1" ind2=" " tag="246"><subfield code="i">Issues for Nov. 10, 1766-Apr. 6, 1767 published as:</subfield><subfield code="a">Connecticut courant and the weekly advertiser</subfield></datafield><datafield ind1=" " ind2=" " tag="260"><subfield code="a">Hartford, Conn. :</subfield><subfield code="b">T. Green,</subfield><subfield code="c">1764-1774.</subfield></datafield><datafield ind1=" " ind2=" " tag="300"><subfield code="a">v.</subfield></datafield><datafield ind1=" " ind2=" " tag="310"><subfield code="a">Weekly</subfield></datafield><datafield ind1="0" ind2=" " tag="362"><subfield code="a">No. 1 (Nov. 19, 1764)-no. 492 (May 31, 1774).</subfield></datafield><datafield ind1=" " ind2=" " tag="500"><subfield code="a">No. 1 preceded by introductory issue on Oct. 29, 1764 called: No. 00.</subfield></datafield><datafield ind1=" " ind2=" " tag="533"><subfield code="a">Microfilm.</subfield><subfield code="b">New Canaan, Ct. :</subfield><subfield code="c">Readex Microprint Corp.</subfield><subfield code="e">microfilm reels ; 35 mm.</subfield><subfield code="f">(Early American newspapers).</subfield><subfield code="n">Imprint varies: Naples, FL : NewsBank/Readex.</subfield></datafield><datafield ind1=" " ind2="0" tag="651"><subfield code="a">Hartford (Conn.)</subfield><subfield code="v">Newspapers.</subfield></datafield><datafield ind1=" " ind2="0" tag="651"><subfield code="a">Hartford County (Conn.)</subfield><subfield code="v">Newspapers.</subfield></datafield><datafield ind1=" " ind2="7" tag="655"><subfield code="a">Newspapers.</subfield><subfield code="2">fast</subfield><subfield code="0">(OCoLC)fst01423814</subfield></datafield><datafield ind1=" " ind2="7" tag="651"><subfield code="a">Connecticut</subfield><subfield code="z">Hartford.</subfield><subfield code="2">fast</subfield><subfield code="0">(OCoLC)fst01207441</subfield></datafield><datafield ind1=" " ind2="7" tag="651"><subfield code="a">Connecticut</subfield><subfield code="z">Hartford County.</subfield><subfield code="2">fast</subfield><subfield code="0">(OCoLC)fst01211874</subfield></datafield><datafield ind1=" " ind2=" " tag="752"><subfield code="a">United States</subfield><subfield code="b">Connecticut</subfield><subfield code="c">Hartford</subfield><subfield code="d">Hartford.</subfield></datafield><datafield ind1="1" ind2=" " tag="776"><subfield code="c">Original</subfield><subfield code="w">(DLC)sn 82016376</subfield><subfield code="w">(OCoLC)9306165</subfield></datafield><datafield ind1="0" ind2="0" tag="785"><subfield code="t">Connecticut courant and Hartford weekly intelligencer</subfield><subfield code="w">(DLC)  2004252450</subfield><subfield code="w">(OCoLC)20079686</subfield></datafield><datafield ind1=" " ind2="0" tag="830"><subfield code="a">Early American newspapers.</subfield></datafield></record>